<?xml version="1.0" encoding="UTF-8"?>
  <record xmlns="http://www.loc.gov/MARC21/slim" type="Authority">
    <leader>00000nz  a2200000nc 4500</leader>
    <controlfield tag="001">118528823</controlfield>
    <controlfield tag="003">DE-101</controlfield>
    <controlfield tag="005">20210301093359.0</controlfield>
    <controlfield tag="008">880701n||azznnaabn           | aaa    |c</controlfield>
    <datafield tag="024" ind1="7" ind2=" ">
      <subfield code="a">118528823</subfield>
      <subfield code="0">http://d-nb.info/gnd/118528823</subfield>
      <subfield code="2">gnd</subfield>
    </datafield>
    <datafield tag="035" ind1=" " ind2=" ">
      <subfield code="a">(DE-101)118528823</subfield>
    </datafield>
    <datafield tag="035" ind1=" " ind2=" ">
      <subfield code="a">(DE-588)118528823</subfield>
    </datafield>
    <datafield tag="035" ind1=" " ind2=" ">
      <subfield code="z">(DE-588)188219595</subfield>
    </datafield>
    <datafield tag="035" ind1=" " ind2=" ">
      <subfield code="z">(DE-588a)188219595</subfield>
      <subfield code="9">v:zg</subfield>
    </datafield>
    <datafield tag="035" ind1=" " ind2=" ">
      <subfield code="z">(DE-588)1025671031</subfield>
    </datafield>
    <datafield tag="035" ind1=" " ind2=" ">
      <subfield code="z">(DE-588)187911703</subfield>
    </datafield>
    <datafield tag="035" ind1=" " ind2=" ">
      <subfield code="z">(DE-588a)187911703</subfield>
      <subfield code="9">v:zg</subfield>
    </datafield>
    <datafield tag="035" ind1=" " ind2=" ">
      <subfield code="z">(DE-588a)118528823</subfield>
      <subfield code="9">v:zg</subfield>
    </datafield>
    <datafield tag="035" ind1=" " ind2=" ">
      <subfield code="z">(DE-588a)16034669X</subfield>
    </datafield>
    <datafield tag="035" ind1=" " ind2=" ">
      <subfield code="z">(DE-588a)127159568</subfield>
    </datafield>
    <datafield tag="035" ind1=" " ind2=" ">
      <subfield code="z">(DE-588c)4013508-1</subfield>
      <subfield code="9">v:zg</subfield>
    </datafield>
    <datafield tag="040" ind1=" " ind2=" ">
      <subfield code="a">DE-101</subfield>
      <subfield code="c">DE-101</subfield>
      <subfield code="9">r:DE-101</subfield>
      <subfield code="b">ger</subfield>
      <subfield code="d">1140</subfield>
      <subfield code="e">rda</subfield>
    </datafield>
    <datafield tag="042" ind1=" " ind2=" ">
      <subfield code="a">gnd1</subfield>
    </datafield>
    <datafield tag="043" ind1=" " ind2=" ">
      <subfield code="c">XA-DE</subfield>
    </datafield>
    <datafield tag="065" ind1=" " ind2=" ">
      <subfield code="a">3.6p</subfield>
      <subfield code="2">sswd</subfield>
    </datafield>
    <datafield tag="065" ind1=" " ind2=" ">
      <subfield code="a">4.7p</subfield>
      <subfield code="2">sswd</subfield>
    </datafield>
    <datafield tag="065" ind1=" " ind2=" ">
      <subfield code="a">12.2p</subfield>
      <subfield code="2">sswd</subfield>
    </datafield>
    <datafield tag="075" ind1=" " ind2=" ">
      <subfield code="b">p</subfield>
      <subfield code="2">gndgen</subfield>
    </datafield>
    <datafield tag="075" ind1=" " ind2=" ">
      <subfield code="b">piz</subfield>
      <subfield code="2">gndspec</subfield>
    </datafield>
    <datafield tag="079" ind1=" " ind2=" ">
      <subfield code="a">g</subfield>
      <subfield code="q">f</subfield>
      <subfield code="q">n</subfield>
      <subfield code="q">s</subfield>
      <subfield code="u">v</subfield>
      <subfield code="u">w</subfield>
      <subfield code="u">z</subfield>
      <subfield code="u">o</subfield>
    </datafield>
    <datafield tag="100" ind1="0" ind2=" ">
      <subfield code="a">Eckhart</subfield>
      <subfield code="c">Meister</subfield>
      <subfield code="d">1260-1328</subfield>
    </datafield>
    <datafield tag="375" ind1=" " ind2=" ">
      <subfield code="a">1</subfield>
      <subfield code="2">iso5218</subfield>
    </datafield>
    <datafield tag="400" ind1="0" ind2=" ">
      <subfield code="a">Eckart</subfield>
      <subfield code="c">Meister</subfield>
      <subfield code="d">1260-1328</subfield>
    </datafield>
    <datafield tag="400" ind1="0" ind2=" ">
      <subfield code="a">Eckehart</subfield>
      <subfield code="c">Meister</subfield>
      <subfield code="d">1260-1328</subfield>
    </datafield>
    <datafield tag="400" ind1="0" ind2=" ">
      <subfield code="a">Eckhardt</subfield>
      <subfield code="c">Meister</subfield>
      <subfield code="d">1260-1328</subfield>
    </datafield>
    <datafield tag="400" ind1="0" ind2=" ">
      <subfield code="a">Eccardus</subfield>
      <subfield code="c">Magister</subfield>
      <subfield code="d">1260-1328</subfield>
    </datafield>
    <datafield tag="400" ind1="0" ind2=" ">
      <subfield code="a">Eccart</subfield>
      <subfield code="c">Magister</subfield>
      <subfield code="d">1260-1328</subfield>
    </datafield>
    <datafield tag="400" ind1="0" ind2=" ">
      <subfield code="a">Echardus</subfield>
      <subfield code="c">de Hochheim</subfield>
      <subfield code="d">1260-1328</subfield>
    </datafield>
    <datafield tag="400" ind1="0" ind2=" ">
      <subfield code="a">Eckart</subfield>
      <subfield code="c">Maître</subfield>
      <subfield code="d">1260-1328</subfield>
    </datafield>
    <datafield tag="400" ind1="0" ind2=" ">
      <subfield code="a">Eckhart</subfield>
      <subfield code="c">der Meister</subfield>
      <subfield code="d">1260-1328</subfield>
    </datafield>
    <datafield tag="400" ind1="0" ind2=" ">
      <subfield code="a">Eckhart</subfield>
      <subfield code="c">von Hochheim</subfield>
      <subfield code="d">1260-1328</subfield>
    </datafield>
    <datafield tag="400" ind1="1" ind2=" ">
      <subfield code="a">Meister, Eckhart</subfield>
      <subfield code="d">1260-1328</subfield>
    </datafield>
    <datafield tag="400" ind1="0" ind2=" ">
      <subfield code="a">Eckhart</subfield>
      <subfield code="c">Maître</subfield>
      <subfield code="d">1260-1328</subfield>
    </datafield>
    <datafield tag="400" ind1="0" ind2=" ">
      <subfield code="a">Eckardus</subfield>
      <subfield code="d">1260-1328</subfield>
    </datafield>
    <datafield tag="400" ind1="0" ind2=" ">
      <subfield code="a">Eckhardus</subfield>
      <subfield code="c">Magister</subfield>
      <subfield code="d">1260-1328</subfield>
    </datafield>
    <datafield tag="400" ind1="0" ind2=" ">
      <subfield code="a">Eckardus</subfield>
      <subfield code="c">Magister</subfield>
      <subfield code="d">1260-1328</subfield>
    </datafield>
    <datafield tag="400" ind1="0" ind2=" ">
      <subfield code="a">Aicardus</subfield>
      <subfield code="c">Magister</subfield>
      <subfield code="d">1260-1328</subfield>
    </datafield>
    <datafield tag="400" ind1="0" ind2=" ">
      <subfield code="a">Aycardus</subfield>
      <subfield code="c">Magister</subfield>
      <subfield code="d">1260-1328</subfield>
    </datafield>
    <datafield tag="400" ind1="0" ind2=" ">
      <subfield code="a">Haycardus</subfield>
      <subfield code="c">Magister</subfield>
      <subfield code="d">1260-1328</subfield>
    </datafield>
    <datafield tag="400" ind1="0" ind2=" ">
      <subfield code="a">Eckardus</subfield>
      <subfield code="c">de Hochheim</subfield>
      <subfield code="d">1260-1328</subfield>
    </datafield>
    <datafield tag="400" ind1="0" ind2=" ">
      <subfield code="a">Eckhard</subfield>
      <subfield code="c">Meester</subfield>
      <subfield code="d">1260-1328</subfield>
    </datafield>
    <datafield tag="400" ind1="0" ind2=" ">
      <subfield code="a">Eckehart</subfield>
      <subfield code="c">Meester</subfield>
      <subfield code="d">1260-1328</subfield>
    </datafield>
    <datafield tag="400" ind1="0" ind2=" ">
      <subfield code="a">Eckehart</subfield>
      <subfield code="c">Mäster</subfield>
      <subfield code="d">1260-1328</subfield>
    </datafield>
    <datafield tag="400" ind1="0" ind2=" ">
      <subfield code="a">Eckhart</subfield>
      <subfield code="c">Meester</subfield>
      <subfield code="d">1260-1328</subfield>
    </datafield>
    <datafield tag="400" ind1="0" ind2=" ">
      <subfield code="a">Eckhart</subfield>
      <subfield code="c">Mester</subfield>
      <subfield code="d">1260-1328</subfield>
    </datafield>
    <datafield tag="400" ind1="0" ind2=" ">
      <subfield code="a">Eckhart</subfield>
      <subfield code="c">Mistr</subfield>
      <subfield code="d">1260-1328</subfield>
    </datafield>
    <datafield tag="400" ind1="0" ind2=" ">
      <subfield code="a">Eckhart</subfield>
      <subfield code="c">Mistrz</subfield>
      <subfield code="d">1260-1328</subfield>
    </datafield>
    <datafield tag="400" ind1="0" ind2=" ">
      <subfield code="a">Eckhart</subfield>
      <subfield code="c">Maestro</subfield>
      <subfield code="d">1260-1328</subfield>
    </datafield>
    <datafield tag="400" ind1="0" ind2=" ">
      <subfield code="a">Ekeharts</subfield>
      <subfield code="c">Meisters</subfield>
      <subfield code="d">1260-1328</subfield>
    </datafield>
    <datafield tag="400" ind1="0" ind2=" ">
      <subfield code="a">Eckhart</subfield>
      <subfield code="c">Mojster</subfield>
      <subfield code="d">1260-1328</subfield>
    </datafield>
    <datafield tag="400" ind1="0" ind2=" ">
      <subfield code="a">Ekhart</subfield>
      <subfield code="c">Majstor</subfield>
      <subfield code="d">1260-1328</subfield>
    </datafield>
    <datafield tag="400" ind1="0" ind2=" ">
      <subfield code="a">Ekchart</subfield>
      <subfield code="c">Majster</subfield>
      <subfield code="d">1260-1328</subfield>
    </datafield>
    <datafield tag="400" ind1="0" ind2=" ">
      <subfield code="a">Eckhardt</subfield>
      <subfield code="c">Doctor</subfield>
      <subfield code="d">1260-1328</subfield>
    </datafield>
    <datafield tag="400" ind1="0" ind2=" ">
      <subfield code="a">Eckhardt</subfield>
      <subfield code="c">Doktor</subfield>
      <subfield code="d">1260-1328</subfield>
    </datafield>
    <datafield tag="400" ind1="0" ind2=" ">
      <subfield code="a">Eckhart</subfield>
      <subfield code="c">Mestre</subfield>
      <subfield code="d">1260-1328</subfield>
    </datafield>
    <datafield tag="400" ind1="0" ind2=" ">
      <subfield code="a">Ai ke ha</subfield>
      <subfield code="d">1260-1328</subfield>
    </datafield>
    <datafield tag="400" ind1="0" ind2=" ">
      <subfield code="a">Aikeha</subfield>
      <subfield code="d">1260-1328</subfield>
    </datafield>
    <datafield tag="400" ind1="0" ind2=" ">
      <subfield code="a">Meister Eckhart</subfield>
      <subfield code="d">1260-1328</subfield>
    </datafield>
    <datafield tag="400" ind1="0" ind2=" ">
      <subfield code="a">Aychardus</subfield>
      <subfield code="d">1260-1328</subfield>
    </datafield>
    <datafield tag="400" ind1="1" ind2=" ">
      <subfield code="a">Eckhart, Johannes</subfield>
      <subfield code="d">1260-1328</subfield>
    </datafield>
    <datafield tag="400" ind1="0" ind2=" ">
      <subfield code="a">Equardus</subfield>
      <subfield code="d">1260-1328</subfield>
    </datafield>
    <datafield tag="400" ind1="0" ind2=" ">
      <subfield code="a">Pseudo-Eckardus</subfield>
      <subfield code="d">1260-1328</subfield>
    </datafield>
    <datafield tag="400" ind1="0" ind2=" ">
      <subfield code="a">Eckehart</subfield>
      <subfield code="d">1260-1328</subfield>
    </datafield>
    <datafield tag="400" ind1="0" ind2=" ">
      <subfield code="a">Eckhardt</subfield>
      <subfield code="d">1260-1328</subfield>
    </datafield>
    <datafield tag="400" ind1="0" ind2=" ">
      <subfield code="a">Eccardus</subfield>
      <subfield code="d">1260-1328</subfield>
    </datafield>
    <datafield tag="400" ind1="0" ind2=" ">
      <subfield code="a">Echardus</subfield>
      <subfield code="d">1260-1328</subfield>
    </datafield>
    <datafield tag="400" ind1="0" ind2=" ">
      <subfield code="a">Eccart</subfield>
      <subfield code="d">1260-1328</subfield>
    </datafield>
    <datafield tag="400" ind1="0" ind2=" ">
      <subfield code="a">Meister Eckehart</subfield>
      <subfield code="d">1260-1328</subfield>
    </datafield>
    <datafield tag="400" ind1="0" ind2=" ">
      <subfield code="a">Frater Ekhardus</subfield>
      <subfield code="d">1260-1328</subfield>
    </datafield>
    <datafield tag="400" ind1="0" ind2=" ">
      <subfield code="a">Magister Eckhart</subfield>
      <subfield code="d">1260-1328</subfield>
    </datafield>
    <datafield tag="400" ind1="0" ind2=" ">
      <subfield code="a">Echehart</subfield>
      <subfield code="d">1260-1328</subfield>
    </datafield>
    <datafield tag="400" ind1="0" ind2=" ">
      <subfield code="a">Ekhardus</subfield>
      <subfield code="d">1260-1328</subfield>
    </datafield>
    <datafield tag="400" ind1="0" ind2=" ">
      <subfield code="a">Eckehard</subfield>
      <subfield code="d">1260-1328</subfield>
    </datafield>
    <datafield tag="400" ind1="0" ind2=" ">
      <subfield code="a">Meister Eckart</subfield>
      <subfield code="d">1260-1328</subfield>
    </datafield>
    <datafield tag="400" ind1="0" ind2=" ">
      <subfield code="a">Eckhart</subfield>
      <subfield code="d">1260-1328</subfield>
    </datafield>
    <datafield tag="400" ind1="0" ind2=" ">
      <subfield code="a">Eckart</subfield>
      <subfield code="d">1260-1328</subfield>
    </datafield>
    <datafield tag="400" ind1="0" ind2=" ">
      <subfield code="a">Eckardus (Magister)</subfield>
      <subfield code="d">1260-1328</subfield>
    </datafield>
    <datafield tag="400" ind1="0" ind2=" ">
      <subfield code="a">Eckhardus (Magister)</subfield>
      <subfield code="d">1260-1328</subfield>
    </datafield>
    <datafield tag="400" ind1="0" ind2=" ">
      <subfield code="a">Echardus (de Hochheim)</subfield>
      <subfield code="d">1260-1328</subfield>
    </datafield>
    <datafield tag="400" ind1="0" ind2=" ">
      <subfield code="a">Eckehart (Meister)</subfield>
      <subfield code="d">1260-1328</subfield>
    </datafield>
    <datafield tag="400" ind1="0" ind2=" ">
      <subfield code="a">Eccart (Magister)</subfield>
      <subfield code="d">1260-1328</subfield>
    </datafield>
    <datafield tag="400" ind1="0" ind2=" ">
      <subfield code="a">Eckart (Meister)</subfield>
      <subfield code="d">1260-1328</subfield>
    </datafield>
    <datafield tag="400" ind1="0" ind2=" ">
      <subfield code="a">Eckhart (von Hochheim)</subfield>
      <subfield code="d">1260-1328</subfield>
    </datafield>
    <datafield tag="400" ind1="0" ind2=" ">
      <subfield code="a">Eccardus (Magister)</subfield>
      <subfield code="d">1260-1328</subfield>
    </datafield>
    <datafield tag="400" ind1="0" ind2=" ">
      <subfield code="a">Aicardus (Magister)</subfield>
      <subfield code="d">1260-1328</subfield>
    </datafield>
    <datafield tag="400" ind1="0" ind2=" ">
      <subfield code="a">Haycardus (Magister)</subfield>
      <subfield code="d">1260-1328</subfield>
    </datafield>
    <datafield tag="400" ind1="0" ind2=" ">
      <subfield code="a">Aycardus (Magister)</subfield>
      <subfield code="d">1260-1328</subfield>
    </datafield>
    <datafield tag="400" ind1="0" ind2=" ">
      <subfield code="a">Eckhart (Meister)</subfield>
      <subfield code="d">1260-1328</subfield>
    </datafield>
    <datafield tag="400" ind1="0" ind2=" ">
      <subfield code="a">Eckhardt (Meister)</subfield>
      <subfield code="d">1260-1328</subfield>
    </datafield>
    <datafield tag="400" ind1="1" ind2=" ">
      <subfield code="a">Echardus, Magister</subfield>
      <subfield code="d">1260-1328</subfield>
    </datafield>
    <datafield tag="400" ind1="1" ind2=" ">
      <subfield code="a">Ekkehart, Meister</subfield>
      <subfield code="d">1260-1328</subfield>
    </datafield>
    <datafield tag="400" ind1="1" ind2=" ">
      <subfield code="a">Eckehardt, Meister</subfield>
      <subfield code="d">1260-1328</subfield>
    </datafield>
    <datafield tag="400" ind1="0" ind2=" ">
      <subfield code="a">Eckehart von Hochheim</subfield>
      <subfield code="d">1260-1328</subfield>
    </datafield>
    <datafield tag="400" ind1="0" ind2=" ">
      <subfield code="a">Echardus</subfield>
      <subfield code="c">Magister</subfield>
      <subfield code="d">1260-1328</subfield>
    </datafield>
    <datafield tag="400" ind1="0" ind2=" ">
      <subfield code="a">Eckard</subfield>
      <subfield code="c">Meister</subfield>
      <subfield code="d">1260-1328</subfield>
    </datafield>
    <datafield tag="400" ind1="1" ind2=" ">
      <subfield code="a">Ekhart, Meister</subfield>
      <subfield code="d">1260-1328</subfield>
    </datafield>
    <datafield tag="400" ind1="0" ind2=" ">
      <subfield code="a">Ma i seu teu ui Eg ka leu teu</subfield>
      <subfield code="d">1260-1328</subfield>
    </datafield>
    <datafield tag="400" ind1="0" ind2=" ">
      <subfield code="a">Egkaleuteu</subfield>
      <subfield code="c">Maiseuteuui</subfield>
      <subfield code="d">1260-1328</subfield>
    </datafield>
    <datafield tag="400" ind1="0" ind2=" ">
      <subfield code="a">Ekk'arŭt'ŭŭi</subfield>
      <subfield code="c">Maisŭt'ŭŭi</subfield>
      <subfield code="d">1260-1328</subfield>
    </datafield>
    <datafield tag="548" ind1=" " ind2=" ">
      <subfield code="a">1260-1328</subfield>
      <subfield code="4">datl</subfield>
      <subfield code="4">https://d-nb.info/standards/elementset/gnd#dateOfBirthAndDeath</subfield>
      <subfield code="w">r</subfield>
      <subfield code="i">Lebensdaten</subfield>
      <subfield code="9">v:Todesjahr u. Geburtsjahr ca.</subfield>
    </datafield>
    <datafield tag="550" ind1=" " ind2=" ">
      <subfield code="0">(DE-101)041362357</subfield>
      <subfield code="0">(DE-588)4136235-4</subfield>
      <subfield code="0">https://d-nb.info/gnd/4136235-4</subfield>
      <subfield code="a">Mystiker</subfield>
      <subfield code="4">berc</subfield>
      <subfield code="4">https://d-nb.info/standards/elementset/gnd#professionOrOccupation</subfield>
      <subfield code="w">r</subfield>
      <subfield code="i">Charakteristischer Beruf</subfield>
    </datafield>
    <datafield tag="550" ind1=" " ind2=" ">
      <subfield code="0">(DE-101)040597563</subfield>
      <subfield code="0">(DE-588)4059756-8</subfield>
      <subfield code="0">https://d-nb.info/gnd/4059756-8</subfield>
      <subfield code="a">Theologe</subfield>
      <subfield code="4">beru</subfield>
      <subfield code="4">https://d-nb.info/standards/elementset/gnd#professionOrOccupation</subfield>
      <subfield code="w">r</subfield>
      <subfield code="i">Beruf</subfield>
    </datafield>
    <datafield tag="550" ind1=" " ind2=" ">
      <subfield code="0">(DE-101)040457907</subfield>
      <subfield code="0">(DE-588)4045790-4</subfield>
      <subfield code="0">https://d-nb.info/gnd/4045790-4</subfield>
      <subfield code="a">Philosoph</subfield>
      <subfield code="4">beru</subfield>
      <subfield code="4">https://d-nb.info/standards/elementset/gnd#professionOrOccupation</subfield>
      <subfield code="w">r</subfield>
      <subfield code="i">Beruf</subfield>
    </datafield>
    <datafield tag="551" ind1=" " ind2=" ">
      <subfield code="0">(DE-101)040040194</subfield>
      <subfield code="0">(DE-588)4004019-7</subfield>
      <subfield code="0">https://d-nb.info/gnd/4004019-7</subfield>
      <subfield code="a">Avignon</subfield>
      <subfield code="4">orts</subfield>
      <subfield code="4">https://d-nb.info/standards/elementset/gnd#placeOfDeath</subfield>
      <subfield code="w">r</subfield>
      <subfield code="i">Sterbeort</subfield>
    </datafield>
    <datafield tag="667" ind1=" " ind2=" ">
      <subfield code="a">12-PMA</subfield>
    </datafield>
    <datafield tag="667" ind1=" " ind2=" ">
      <subfield code="a">7</subfield>
    </datafield>
    <datafield tag="667" ind1=" " ind2=" ">
      <subfield code="a">VD-17</subfield>
    </datafield>
    <datafield tag="667" ind1=" " ind2=" ">
      <subfield code="a">Ansetzung gemäss PMA.</subfield>
      <subfield code="5">30.09.1996/bauub-/cr</subfield>
    </datafield>
    <datafield tag="667" ind1=" " ind2=" ">
      <subfield code="a">Quelle: DNB-Normdaten (Info DNB: (Todesjahr ca.) Land Deutschland (XA-DE) Beruf(e) Mystiker Systematik 3.6p Personen zu Kirchengeschichte, Systematischer und Praktischer Theologie, Kirche und Konfession ; 4.7p Personen zu Philosophie ; 12.2p Personen zu Literaturgeschichte (Schriftsteller)</subfield>
    </datafield>
    <datafield tag="667" ind1=" " ind2=" ">
      <subfield code="a">Pacelli-Edition</subfield>
    </datafield>
    <datafield tag="670" ind1=" " ind2=" ">
      <subfield code="a">M; Tusculum-Lexikon; LThK; CSGL; LMA,III,1547/52</subfield>
    </datafield>
    <datafield tag="670" ind1=" " ind2=" ">
      <subfield code="a">Internet</subfield>
      <subfield code="u">http://de.wikipedia.org/wiki/Meister_Eckhart</subfield>
    </datafield>
    <datafield tag="670" ind1=" " ind2=" ">
      <subfield code="a">Homepage</subfield>
      <subfield code="b">Stand: 13.08.2020</subfield>
      <subfield code="u">http://www.pacelli-edition.de/Biographie/5467</subfield>
    </datafield>
    <datafield tag="672" ind1=" " ind2="0">
      <subfield code="a">Eckhart &lt;Meister&gt;: Meister Eckeharts Schriften zur Gesellschaftsphilosophie. - 1934</subfield>
    </datafield>
    <datafield tag="678" ind1=" " ind2=" ">
      <subfield code="b">Dt. Theologe, Philosoph, Meister; geb. in Hochheim oder Tambach</subfield>
    </datafield>
    <datafield tag="913" ind1=" " ind2=" ">
      <subfield code="S">pnd</subfield>
      <subfield code="i">5</subfield>
      <subfield code="a">Eckhart &lt;Meister&gt;</subfield>
      <subfield code="0">(DE-588a)118528823</subfield>
    </datafield>
    <datafield tag="913" ind1=" " ind2=" ">
      <subfield code="S">pnd</subfield>
      <subfield code="i">5</subfield>
      <subfield code="a">Eckhart &lt;Meister&gt;</subfield>
      <subfield code="0">(DE-588a)187911703</subfield>
    </datafield>
    <datafield tag="913" ind1=" " ind2=" ">
      <subfield code="S">pnd</subfield>
      <subfield code="i">a</subfield>
      <subfield code="a">Meister, Eckhart</subfield>
      <subfield code="0">(DE-588a)188219595</subfield>
    </datafield>
  </record>
